<record><leader>00000cas a2200000 a 4500</leader><controlfield tag="001">6364650</controlfield><controlfield tag="008">800528c19669999nvuer ne      0   a0eng c</controlfield><datafield ind1=" " ind2=" " tag="010"><subfield code="a">sn 80011307 </subfield></datafield><datafield ind1=" " ind2=" " tag="040"><subfield code="a">NSD</subfield><subfield code="b">eng</subfield><subfield code="c">NSD</subfield><subfield code="d">NNX</subfield><subfield code="d">DLC</subfield><subfield code="d">YOX</subfield><subfield code="d">MGN</subfield><subfield code="d">CLU</subfield><subfield code="d">OCLCQ</subfield><subfield code="d">J9U</subfield><subfield code="d">OCLCQ</subfield><subfield code="d">OCLCF</subfield><subfield code="d">OCLCO</subfield></datafield><datafield ind1=" " ind2=" " tag="012"><subfield code="i">9802</subfield><subfield code="k">1</subfield><subfield code="m">d</subfield></datafield><datafield ind1="7" ind2=" " tag="016"><subfield code="a">002098367</subfield><subfield code="2">IsJJNL</subfield></datafield><datafield ind1=" " ind2=" " tag="019"><subfield code="a">234085187</subfield></datafield><datafield ind1="0" ind2=" " tag="022"><subfield code="a">0274-4961</subfield><subfield code="l">0274-4961</subfield><subfield code="2">1</subfield></datafield><datafield ind1="1" ind2=" " tag="029"><subfield code="a">AU@</subfield><subfield code="b">000025803466</subfield></datafield><datafield ind1=" " ind2=" " tag="032"><subfield code="a">305220</subfield><subfield code="b">USPS</subfield></datafield><datafield ind1=" " ind2=" " tag="042"><subfield code="a">nsdp</subfield><subfield code="a">pcc</subfield></datafield><datafield ind1=" " ind2=" " tag="043"><subfield code="a">n-us-nv</subfield></datafield><datafield ind1="1" ind2="4" tag="050"><subfield code="a">F850.J5</subfield><subfield code="b">L37</subfield></datafield><datafield ind1="0" ind2=" " tag="210"><subfield code="a">Las Vegas Isr.</subfield></datafield><datafield ind1=" " ind2="0" tag="222"><subfield code="a">Las Vegas Israelite</subfield></datafield><datafield ind1="0" ind2="0" tag="245"><subfield code="a">Las Vegas Israelite.</subfield></datafield><datafield ind1=" " ind2=" " tag="260"><subfield code="a">Las Vegas, Nev. :</subfield><subfield code="b">J. Tell,</subfield><subfield code="c">1966-</subfield></datafield><datafield ind1=" " ind2=" " tag="300"><subfield code="a">v. :</subfield><subfield code="b">ill. ;</subfield><subfield code="c">39 cm.</subfield></datafield><datafield ind1=" " ind2=" " tag="310"><subfield code="a">Biweekly,</subfield><subfield code="b">Apr. 18, 1980-</subfield></datafield><datafield ind1=" " ind2=" " tag="321"><subfield code="a">Weekly,</subfield><subfield code="b">June 17, 1966-Apr. 4, 1980</subfield></datafield><datafield ind1="0" ind2=" " tag="362"><subfield code="a">Vol. 2, no. 21 (June 17, 1966)-</subfield></datafield><datafield ind1=" " ind2=" " tag="588"><subfield code="a">Latest issue consulted: Vol. 33, no. 23 (Dec. 19, 1997).</subfield></datafield><datafield ind1=" " ind2="0" tag="650"><subfield code="a">Jewish newspapers</subfield><subfield code="z">Nevada.</subfield></datafield><datafield ind1=" " ind2="7" tag="650"><subfield code="a">Jewish newspapers.</subfield><subfield code="2">fast</subfield><subfield code="0">(OCoLC)fst00982872</subfield></datafield><datafield ind1=" " ind2="7" tag="651"><subfield code="a">Nevada.</subfield><subfield code="2">fast</subfield><subfield code="0">(OCoLC)fst01205660</subfield></datafield><datafield ind1=" " ind2=" " tag="752"><subfield code="a">United States</subfield><subfield code="b">Nevada</subfield><subfield code="c">Clark</subfield><subfield code="d">Las Vegas.</subfield></datafield><datafield ind1="0" ind2="0" tag="780"><subfield code="t">Las Vegas Israelite of Nevada</subfield><subfield code="w">(DLC)sn 86076010</subfield><subfield code="w">(OCoLC)13499607</subfield></datafield><datafield ind1=" " ind2=" " tag="850"><subfield code="a">CLU</subfield></datafield></record>